@article{Szegedy2013Intriguing,
  title={Intriguing properties of neural networks},
  author={Szegedy, Christian and Zaremba, Wojciech and Sutskever, Ilya and Bruna, Joan and Erhan, Dumitru and Goodfellow, Ian and Fergus, Rob},
  journal={Computer Science},
  year={2013},
}

@inproceedings{Moosavidezfooli2016DeepFool,
  title={DeepFool: a simple and accurate method to fool deep neural networks},
  author={Moosavidezfooli, Seyed Mohsen and Fawzi, Alhussein and Frossard, Pascal},
  booktitle={Computer Vision and Pattern Recognition},
  year={2016},
}

@inproceedings{Carlini2017Towards,
  title={Towards Evaluating the Robustness of Neural Networks},
  author={Carlini, Nicholas and Wagner, David},
  booktitle={Security and Privacy},
  year={2017},
}

@article{Liu2016Delving,
  title={Delving into Transferable Adversarial Examples and Black-box Attacks},
  author={Liu, Yanpei and Chen, Xinyun and Chang, Liu and Song, Dawn},
  year={2016},
}

@article{Papernot2016cleverhans,
  title={cleverhans v1.0.0: an adversarial machine learning library},
  author={Papernot, Nicolas and Goodfellow, Ian and Sheatsley, Ryan and Feinman, Reuben and Mcdaniel, Patrick},
  year={2016},
}

@article{Abadi2016TensorFlow,
  title={TensorFlow: Large-Scale Machine Learning on Heterogeneous Distributed Systems},
  author={Abadi, Mart√≠n and Agarwal, Ashish and Barham, Paul and Brevdo, Eugene and Zheng, Xiaoqiang},
  year={2016},
}

@article{wei2018transferable,
  title={Transferable Adversarial Attacks for Image and Video Object Detection},
  author={Wei, Xingxing and Liang, Siyuan and Cao, Xiaochun and Zhu, Jun},
  journal={arXiv preprint arXiv:1811.12641},
  year={2018}
}

@article{goodfellow2014explaining,
  title={Explaining and harnessing adversarial examples},
  author={Goodfellow, Ian J and Shlens, Jonathon and Szegedy, Christian},
  journal={arXiv preprint arXiv:1412.6572},
  year={2014}
}





